<record><leader>00000cas a22000007a 4500</leader><controlfield tag="001">9275516</controlfield><controlfield tag="008">830303d18701873mauwr ne      0    0eng d</controlfield><controlfield tag="009">3768</controlfield><datafield ind1=" " ind2=" " tag="010"><subfield code="a">sn 83020147 </subfield></datafield><datafield ind1=" " ind2=" " tag="040"><subfield code="a">NPX</subfield><subfield code="b">eng</subfield><subfield code="c">NPX</subfield><subfield code="d">NPU</subfield><subfield code="d">DLC</subfield><subfield code="d">MGN</subfield><subfield code="d">CNW</subfield><subfield code="d">OCLCQ</subfield><subfield code="d">DLC</subfield></datafield><datafield ind1="1" ind2=" " tag="029"><subfield code="a">AU@</subfield><subfield code="b">000025788161</subfield></datafield><datafield ind1=" " ind2=" " tag="042"><subfield code="a">msc</subfield></datafield><datafield ind1="0" ind2="0" tag="050"><subfield code="a">Newspaper 8160-X</subfield></datafield><datafield ind1="0" ind2=" " tag="130"><subfield code="a">Saturday chronicle (Charlestown, Boston, Mass.)</subfield></datafield><datafield ind1="0" ind2="0" tag="245"><subfield code="a">Saturday chronicle.</subfield></datafield><datafield ind1=" " ind2=" " tag="260"><subfield code="a">Charlestown, Mass. :</subfield><subfield code="b">C.S. Wason &amp; Co.</subfield></datafield><datafield ind1=" " ind2=" " tag="300"><subfield code="a">v. ;</subfield><subfield code="c">66 cm.</subfield></datafield><datafield ind1=" " ind2=" " tag="310"><subfield code="a">Weekly</subfield></datafield><datafield ind1="0" ind2=" " tag="362"><subfield code="a">Vol. 2, no. 102 (Sept. 10, 1870)-v. 5, no. 51 (Oct. 4, 1873).</subfield></datafield><datafield ind1=" " ind2="4" tag="651"><subfield code="a">Charlestown (Boston, Mass.)</subfield><subfield code="v">Newspapers.</subfield></datafield><datafield ind1=" " ind2=" " tag="752"><subfield code="a">United States</subfield><subfield code="b">Massachusetts</subfield><subfield code="c">Suffolk</subfield><subfield code="d">Boston.</subfield></datafield><datafield ind1=" " ind2=" " tag="752"><subfield code="a">United States</subfield><subfield code="b">Massachusetts</subfield><subfield code="c">Suffolk</subfield><subfield code="d">Charlestown.</subfield></datafield><datafield ind1="0" ind2="0" tag="780"><subfield code="t">Charlestown chronicle (Charlestown, Boston, Mass. : 1868)</subfield><subfield code="w">(DLC)sn 83020146</subfield></datafield></record>